<record><leader>00000cas a22000007a 4500</leader><controlfield tag="001">34786222</controlfield><controlfield tag="008">960524d191u191uokudn n       0    0eng d</controlfield><datafield ind1=" " ind2=" " tag="010"><subfield code="a">sn 96087800 </subfield></datafield><datafield ind1=" " ind2=" " tag="040"><subfield code="a">OBN</subfield><subfield code="b">eng</subfield><subfield code="c">OBN</subfield><subfield code="d">OCLCQ</subfield><subfield code="d">OCLCF</subfield><subfield code="d">OCLCO</subfield></datafield><datafield ind1="1" ind2=" " tag="029"><subfield code="a">AU@</subfield><subfield code="b">000025922250</subfield></datafield><datafield ind1=" " ind2=" " tag="042"><subfield code="a">msc</subfield></datafield><datafield ind1=" " ind2=" " tag="043"><subfield code="a">n-us-ok</subfield></datafield><datafield ind1="0" ind2=" " tag="130"><subfield code="a">Wagoner daily register (Wagoner, Okla.)</subfield></datafield><datafield ind1="1" ind2="0" tag="245"><subfield code="a">Wagoner daily register.</subfield></datafield><datafield ind1="3" ind2=" " tag="246"><subfield code="a">Daily free press</subfield></datafield><datafield ind1="3" ind2=" " tag="246"><subfield code="a">Daily register</subfield></datafield><datafield ind1=" " ind2=" " tag="260"><subfield code="a">Wagoner, Wagoner County, Okla. :</subfield><subfield code="b">Austin Terry</subfield></datafield><datafield ind1=" " ind2=" " tag="300"><subfield code="a">v.</subfield></datafield><datafield ind1=" " ind2=" " tag="310"><subfield code="a">Daily (except Sun.)</subfield></datafield><datafield ind1=" " ind2=" " tag="580"><subfield code="a">Weekly ed.: Wagoner weekly register (Wagoner, Okla. : 1912).</subfield></datafield><datafield ind1=" " ind2=" " tag="588"><subfield code="a">Description based on: Vol. 2, no. 189 (Apr. 15, 1912).</subfield></datafield><datafield ind1=" " ind2="0" tag="651"><subfield code="a">Wagoner (Okla.)</subfield><subfield code="v">Newspapers.</subfield></datafield><datafield ind1=" " ind2="0" tag="651"><subfield code="a">Wagoner County (Okla.)</subfield><subfield code="v">Newspapers.</subfield></datafield><datafield ind1=" " ind2="7" tag="655"><subfield code="a">Newspapers.</subfield><subfield code="2">fast</subfield><subfield code="0">(OCoLC)fst01423814</subfield></datafield><datafield ind1=" " ind2="7" tag="651"><subfield code="a">Oklahoma</subfield><subfield code="z">Wagoner.</subfield><subfield code="2">fast</subfield><subfield code="0">(OCoLC)fst01208619</subfield></datafield><datafield ind1=" " ind2="7" tag="651"><subfield code="a">Oklahoma</subfield><subfield code="z">Wagoner County.</subfield><subfield code="2">fast</subfield><subfield code="0">(OCoLC)fst01208618</subfield></datafield><datafield ind1=" " ind2=" " tag="752"><subfield code="a">United States</subfield><subfield code="b">Oklahoma</subfield><subfield code="c">Wagoner</subfield><subfield code="d">Wagoner.</subfield></datafield><datafield ind1="0" ind2=" " tag="775"><subfield code="t">Wagoner weekly register (Wagoner, Okla. : 1912)</subfield><subfield code="w">(DLC)sn 96087801</subfield><subfield code="w">(OCoLC)34786324</subfield></datafield><datafield ind1="0" ind2="0" tag="780"><subfield code="t">Daily free press</subfield><subfield code="w">(DLC)sn 96087776</subfield><subfield code="w">(OCoLC)34761134</subfield></datafield></record>